@article{noraini2012,
	author = {Noraini, J. and Masnizah, M. and Azman, N. Sh.},
	title = {Poetry Classification Using Support Vector Machines},
	journal = {Journal of Computer Science},
	volume = {8},
	year = {2012},
	pages = {1441-1446}
}

@article{ruma2022,
	author = {J. F. Ruma and Sh. Akter and J. J. Laboni and R. M. Rahman},
	title = {A deep learning classification model for Persian Hafez poetry based on the poet's era},
	journal = {Decision Analytics Journal},
	volume = {4},
	pages = {100111},
	year = {2022},
}

@inproceedings{orabi2020,
	author={Orabi, M. and Rifai, H. El and Elnagar, A.},
	booktitle={2020 IEEE/ACS 17th International Conference on Computer Systems and Applications (AICCSA)}, 
	title={Classical Arabic Poetry: Classification based on Era}, 
	year={2020},
	pages={1-6}
}

@unknown{barbado2021,
	author = {Barbado González, A. and González Barbado, M. D. and Carrera, D.},
	title = {Lexico-semantic and affective modelling of Spanish poetry: A semi-supervised learning approach},
	year = {2021},
	month = {09},
}

@article{shahriar2023,
	author = {Shahriar, S. and Roken, N. Al and Zualkernan, I.},
	title = {Classification of Arabic Poetry Emotions Using Deep Learning},
	journal = {Computers},
	volume = {12},
	year = {2023},
	number = {5},
}

@unknown{rosa2023,
	author = {Rosa, J. de la and Pérez, A. and Ros, S. and González-Blanco, E.},
	title = {ALBERTI, a Multilingual Domain Specific Language Model for Poetry Analysis},
	year = {2023},
	month = {07}
}